<record><leader>00000cas a2200000 a 4500</leader><controlfield tag="001">9345293</controlfield><controlfield tag="008">830325d18491853maudn ne      0    0eng c</controlfield><datafield ind1=" " ind2=" " tag="010"><subfield code="a">sn 83020425 </subfield></datafield><datafield ind1=" " ind2=" " tag="040"><subfield code="a">NPX</subfield><subfield code="b">eng</subfield><subfield code="c">NPX</subfield><subfield code="d">DLC</subfield><subfield code="d">MGN</subfield><subfield code="d">DLC</subfield><subfield code="d">OCLCQ</subfield><subfield code="d">OCLCF</subfield><subfield code="d">OCLCA</subfield></datafield><datafield ind1="1" ind2=" " tag="029"><subfield code="a">AU@</subfield><subfield code="b">000020398975</subfield></datafield><datafield ind1=" " ind2=" " tag="042"><subfield code="a">pcc</subfield></datafield><datafield ind1=" " ind2=" " tag="043"><subfield code="a">n-us-ma</subfield></datafield><datafield ind1="0" ind2="0" tag="050"><subfield code="a">Newspaper</subfield></datafield><datafield ind1="0" ind2=" " tag="130"><subfield code="a">Daily evening union (Newburyport, Mass.)</subfield></datafield><datafield ind1="1" ind2="0" tag="245"><subfield code="a">Daily evening union.</subfield></datafield><datafield ind1=" " ind2=" " tag="260"><subfield code="a">Newburyport, Mass. :</subfield><subfield code="b">Nason, Bragdon &amp; Co.,</subfield><subfield code="c">1849-1853.</subfield></datafield><datafield ind1=" " ind2=" " tag="300"><subfield code="a">v. ;</subfield><subfield code="c">50 cm.</subfield></datafield><datafield ind1=" " ind2=" " tag="310"><subfield code="a">Daily (except Sun.)</subfield></datafield><datafield ind1="0" ind2=" " tag="362"><subfield code="a">Vol. 1, no. 1 (July 23, 1849)-v. 5, no. 155 (Dec. 31, 1853).</subfield></datafield><datafield ind1=" " ind2=" " tag="500"><subfield code="a">Publishers: Hughes and Nason, &lt;1851&gt;; William H. Huse, &lt;1852&gt;.</subfield></datafield><datafield ind1=" " ind2=" " tag="500"><subfield code="a">Democratic.</subfield></datafield><datafield ind1=" " ind2=" " tag="500"><subfield code="a">Editors: Huse &amp; Bragdon, &lt;1850&gt;; T.W. Higginson, &lt;1850&gt;; G. Colby, &lt;1851&gt;.</subfield></datafield><datafield ind1=" " ind2=" " tag="580"><subfield code="a">Weekday issues absorbed by: Daily herald (Newburyport, Mass.).</subfield></datafield><datafield ind1=" " ind2=" " tag="580"><subfield code="a">Saturday issues continued by: Saturday evening union and weekly family visitor.</subfield></datafield><datafield ind1=" " ind2="0" tag="651"><subfield code="a">Newburyport (Mass.)</subfield><subfield code="v">Newspapers.</subfield></datafield><datafield ind1=" " ind2="0" tag="651"><subfield code="a">Essex County (Mass.)</subfield><subfield code="v">Newspapers.</subfield></datafield><datafield ind1=" " ind2="7" tag="655"><subfield code="a">Newspapers.</subfield><subfield code="2">fast</subfield><subfield code="0">(OCoLC)fst01423814</subfield></datafield><datafield ind1=" " ind2="7" tag="651"><subfield code="a">Massachusetts</subfield><subfield code="z">Essex County.</subfield><subfield code="2">fast</subfield><subfield code="0">(OCoLC)fst01205527</subfield></datafield><datafield ind1=" " ind2="7" tag="651"><subfield code="a">Massachusetts</subfield><subfield code="z">Newburyport.</subfield><subfield code="2">fast</subfield><subfield code="0">(OCoLC)fst01215824</subfield></datafield><datafield ind1=" " ind2=" " tag="752"><subfield code="a">United States</subfield><subfield code="b">Massachusetts</subfield><subfield code="c">Essex</subfield><subfield code="d">Newburyport.</subfield></datafield><datafield ind1="0" ind2="0" tag="780"><subfield code="t">Newburyport advertiser (Newburyport, Mass. : 1845)</subfield><subfield code="w">(DLC)sn 83020424</subfield><subfield code="w">(OCoLC)9345185</subfield></datafield><datafield ind1="1" ind2="5" tag="785"><subfield code="t">Daily herald (Newburyport, Mass. : 1834)</subfield><subfield code="w">(DLC)sn 83020429</subfield><subfield code="w">(OCoLC)9345876</subfield></datafield><datafield ind1="1" ind2="0" tag="785"><subfield code="t">Saturday evening union and weekly family visitor</subfield><subfield code="w">(DLC)sn 83020426</subfield><subfield code="w">(OCoLC)9345359</subfield></datafield></record>